@masterthesis{Neto,
author = "Eduardo Ferreira Neto",
title = "Estimação do preço hedônico: uma aplicação para o mercado imobiliário da cidade do Rio de Janeiro",
type = "Dissertação",
institution = "Fundação Getúlio Vargas",
organization = "Fundação Getúlio Vargas",
date = "5 de dezembro de 2002",
year = "2002",
url = "http://bibliotecadigital.fgv.br/dspace/handle/10438/136",
urldate = "8 de outubro de 2014",
}

@book{Andersen,
author = "Per Kragh Andersen and Lene Theil Skovgaard",
title = "Regression with Linear Predictors",
type = "Livro",
organization = "University of Copenhagen",
publisher = "Springer",
url = "http://www.springer.com/statistics/statistical+theory+and+methods/book/978-1-4419-7169-2",
urldate = "20 de novembro de 2014",
year = "2010",

}

@article{Ligas,
author = "Marek Kulczycki and Marcin Ligas",
title = "Spatial Statistics For Real Estate Data",
institution = "University of Science and Technology",
country = "Polônia",
year = "2007",
url = "https://www.fig.net/pub/fig2007/papers/ts_4c/ts04c_02_kulczycki_ligas%20_1274.pdf",
urldate = "20 de novembro de 2014",
}

@book{Bishop,
author = "Christopher M. Bishop",
title = "Pattern Recognition and Machine Learning",
institution = "Microsoft Research Ltd",
year = "2006",
publisher = "Springer",
country = "Reino Unido",

}

@book{Cohen,
author = "Jacob Cohen and Patricia Cohen and Stephen G. West and Leona S. Aiken",
title = "Applied Multiple Regression/Correlation Analysis for the Behavioral Sciences",
edition = "3rd",
city = "Londres",
publisher = "Lawrence Erlbaum Associates",
country = "Reino Unido",
year = "2003",
}

@book{Hastie,
author = "Trevor Hastie and Robert Tibshirani and Jerome Friedman",
title = "The Elements of Statistical Learning",
edition = "2nd",
publisher = "Springer",
year = "2013",
url = "http://statweb.stanford.edu/~tibs/ElemStatLearn/",
urldate = "22 de novembro de 2014",

}

@book{Mitchell,
author = "Tom M. Mitchell",
title = "Machine Learning",
publisher = "McGraw-Hill",
year = "1997",
edition = "1st",

}

@misc{Andrew,
author = "Andrew Ng",
title = "Machine Learning Online Course",
institution = "Standford University",
publisher = "Coursera Massive Online Course",
year = "2014",
url = "https://class.coursera.org/ml-006",
urldate = "22 de novembro de 2014",
}

@book{Murphy,
author = "Kevin P. Murphy",
title = "Machine Learning, a probabilistic perspective",
institution = "Massachusetts Institute of Technology",
year= "2012",
}

@thesis{Neto,
author = "Eduardo Ferreira Neto",
title = "Estimação do preço hedônico: Uma aplicação para o mercado imobiliário da cidade do Rio de Janeiro",
type = "Dissertação de Mestrado",
institution = "Fundação Getúlio Vargas",
date = "05 de dezembro de 2002",
year = "2002",
}

@article{Long,
title = "Spatial Effects in Hedonic Price Estimation: A Case Study in the City of Toronto",
author = "F. Long and A. Páez and S. Farber",
year = "2007",
institution = "McMaster University",
journal = "Working Paper Series",
}

@article{IsmailMacGregor,
title ="Hedonic modelling of housing markets using geographical information system (gis) and spatial statistics:a case study of Glasgow, Scotland",
author = "Suriatini Ismail and Bryan D. MacGregor ",
year = "2005",
institution = "Universiti Teknologi Malaysia",
country = "Malasya",

}

@article{Ismail,
title ="Spatial Autocorrelation and Real Estate Studies: A Literature Review",
author = "Suriatini Ismail",
year = "2006",
institution = "Universiti Teknologi Malaysia",
country = "Malasya",

}


@article{Macedo,
author = "Paulo B. R. Macedo",
title = "Hedonic Price Models with Spatial Effects: an Application
to the Housing Market of Belo Horizonte, Brazil",
year = "1999",
institution = "Universidade Federal de Minas Gerais",
journal = "XIV Latin American Meeting of the Econometric Society",


}

@book{Tukey,
author = "John W. Tukey",
title = "Exploratory Data Analysis",
edition = "1st",
publisher = "Addison-Wesley Publishing Company",
country = "Estados Unidos",
year = "1977"

}

@book{NIST,
author = "NIST/SEMATECH",
title = "e-Handbook of Statistical Methods",
edition = "1st",
publisher = "National of Standards and Technology",
country = "Estados Unidos",
year = "1977"
url="http://www.itl.nist.gov/div898/handbook/"
urldate="21 de fevereiro de 2015"

}